@book{Rychkov:2016iqz,
    author = "Rychkov, Slava",
    title = "{EPFL Lectures on Conformal Field Theory in D\ensuremath{>}= 3 Dimensions}",
    eprint = "1601.05000",
    archivePrefix = "arXiv",
    primaryClass = "hep-th",
    reportNumber = "CERN-TH-2016-012",
    doi = "10.1007/978-3-319-43626-5",
    isbn = "978-3-319-43625-8, 978-3-319-43626-5",
    series = "SpringerBriefs in Physics",
    month = "1",
    year = "2016"
}

@inproceedings{Simmons-Duffin:2016gjk,
    author = "Simmons-Duffin, David",
    title = "{The Conformal Bootstrap}",
    booktitle = "{Theoretical Advanced Study Institute in Elementary Particle Physics}: {New Frontiers in Fields and Strings}",
    eprint = "1602.07982",
    archivePrefix = "arXiv",
    primaryClass = "hep-th",
    doi = "10.1142/9789813149441_0001",
    pages = "1--74",
    year = "2017"
}



@article{Chester:2019wfx,
    author = "Chester, Shai M.",
    title = "{Weizmann Lectures on the Numerical Conformal Bootstrap}",
    eprint = "1907.05147",
    archivePrefix = "arXiv",
    primaryClass = "hep-th",
    month = "7",
    year = "2019"
}

@inproceedings{Ginsparg:1988ui,
    author = "Ginsparg, Paul H.",
    title = "{APPLIED CONFORMAL FIELD THEORY}",
    booktitle = "{Les Houches Summer School in Theoretical Physics: Fields, Strings, Critical Phenomena}",
    eprint = "hep-th/9108028",
    archivePrefix = "arXiv",
    reportNumber = "HUTP-88-A054",
    month = "9",
    year = "1988"
}

@book{DiFrancesco:1997nk,
    author = "Di Francesco, P. and Mathieu, P. and Senechal, D.",
    title = "{Conformal Field Theory}",
    doi = "10.1007/978-1-4612-2256-9",
    isbn = "978-0-387-94785-3, 978-1-4612-7475-9",
    publisher = "Springer-Verlag",
    address = "New York",
    series = "Graduate Texts in Contemporary Physics",
    year = "1997"
}

@book{Polchinski:1998rq,
    author = "Polchinski, J.",
    title = "{String theory. Vol. 1: An introduction to the bosonic string}",
    doi = "10.1017/CBO9780511816079",
    isbn = "978-0-511-25227-3, 978-0-521-67227-6, 978-0-521-63303-1",
    publisher = "Cambridge University Press",
    series = "Cambridge Monographs on Mathematical Physics",
    month = "12",
    year = "2007"
}

@article{Ribault:2014hia,
    author = "Ribault, Sylvain",
    title = "{Conformal field theory on the plane}",
    eprint = "1406.4290",
    archivePrefix = "arXiv",
    primaryClass = "hep-th",
    month = "6",
    year = "2014"
}

@article{Poland:2018epd,
    author = "Poland, David and Rychkov, Slava and Vichi, Alessandro",
    title = "{The Conformal Bootstrap: Theory, Numerical Techniques, and Applications}",
    eprint = "1805.04405",
    archivePrefix = "arXiv",
    primaryClass = "hep-th",
    doi = "10.1103/RevModPhys.91.015002",
    journal = "Rev. Mod. Phys.",
    volume = "91",
    pages = "015002",
    year = "2019"
}

@article{Qualls:2015qjb,
    author = "Qualls, Joshua D.",
    title = "{Lectures on Conformal Field Theory}",
    eprint = "1511.04074",
    archivePrefix = "arXiv",
    primaryClass = "hep-th",
    month = "11",
    year = "2015"
}

@article{Eberhardt:2020cxo,
    author = "Eberhardt, Lorenz",
    title = "{Superconformal symmetry and representations}",
    eprint = "2006.13280",
    archivePrefix = "arXiv",
    primaryClass = "hep-th",
    doi = "10.1088/1751-8121/abd7b3",
    journal = "J. Phys. A",
    volume = "54",
    number = "6",
    pages = "063002",
    year = "2021"
}

@misc{Susskind,
    author = "Susskind, Leonard",
    title = "{Sleeping during a lecture is a good thing}",
    howpublished = "{TU Delft interview}",
	url = {https://www.delta.tudelft.nl/article/leonard-susskind-sleeping-during-lecture-good-thing},
    year = "2019"
}

@article{Schellekens:1996tg,
    author = "Schellekens, A. N.",
    title = "{Introduction to conformal field theory}",
    journal = "Fortsch. Phys.",
    volume = "44",
    pages = "605--705",
    year = "1996"
}

@article{Luscher:1974ez,
    author = "Luscher, M. and Mack, G.",
    title = "{Global Conformal Invariance in Quantum Field Theory}",
    reportNumber = "PRINT-74-1569 (BERN)",
    doi = "10.1007/BF01608988",
    journal = "Commun. Math. Phys.",
    volume = "41",
    pages = "203--234",
    year = "1975"
}

@article{Go:1974mod,
    author = "Go, T. H. and Kastrup, H. A. and Mayer, D. H.",
    title = "{Properties of dilatations and conformal transformations in Minkowski space}",
    reportNumber = "PRINT-71-969",
    doi = "10.1016/S0034-4877(74)80006-6",
    journal = "Rept. Math. Phys.",
    volume = "6",
    pages = "395--430",
    year = "1974"
}

@article{Polchinski:1987dy,
    author = "Polchinski, Joseph",
    title = "{Scale and Conformal Invariance in Quantum Field Theory}",
    reportNumber = "UTTG-22-87",
    doi = "10.1016/0550-3213(88)90179-4",
    journal = "Nucl. Phys. B",
    volume = "303",
    pages = "226--236",
    year = "1988"
}

@article{Mack:1975je,
    author = "Mack, G.",
    title = "{All unitary ray representations of the conformal group SU(2,2) with positive energy}",
    reportNumber = "DESY-75-50",
    doi = "10.1007/BF01613145",
    journal = "Commun. Math. Phys.",
    volume = "55",
    pages = "1",
    year = "1977"
}

@article{Gaberdiel:1999mc,
    author = "Gaberdiel, Matthias R.",
    title = "{An Introduction to conformal field theory}",
    eprint = "hep-th/9910156",
    archivePrefix = "arXiv",
    reportNumber = "DAMTP-1999-143",
    doi = "10.1088/0034-4885/63/4/203",
    journal = "Rept. Prog. Phys.",
    volume = "63",
    pages = "607--667",
    year = "2000"
}

@article{Gillioz:2021sce,
    author = "Gillioz, Marc",
    title = "{From Schwinger to Wightman: all conformal 3-point functions in momentum space}",
    eprint = "2109.15140",
    archivePrefix = "arXiv",
    primaryClass = "hep-th",
    month = "9",
    year = "2021"
}

@article{Gillioz:2019lgs,
    author = "Gillioz, Marc",
    title = "{Conformal 3-point functions and the Lorentzian OPE in momentum space}",
    eprint = "1909.00878",
    archivePrefix = "arXiv",
    primaryClass = "hep-th",
    doi = "10.1007/s00220-020-03836-8",
    journal = "Commun. Math. Phys.",
    volume = "379",
    number = "1",
    pages = "227--259",
    year = "2020"
}

@article{Polyakov:1970xd,
    author = "Polyakov, Alexander M.",
    title = "{Conformal symmetry of critical fluctuations}",
    journal = "JETP Lett.",
    volume = "12",
    pages = "381--383",
    year = "1970"
}

@article{Nakayama:2019mpz,
    author = "Nakayama, Yu",
    title = "{Conformal Contact Terms and Semi-Local Terms}",
    eprint = "1906.07914",
    archivePrefix = "arXiv",
    primaryClass = "hep-th",
    reportNumber = "RUP-19-19",
    doi = "10.1007/s00023-020-00951-z",
    journal = "Annales Henri Poincare",
    volume = "21",
    number = "10",
    pages = "3201--3216",
    year = "2020"
}

@article{Kravchuk:2020scc,
    author = "Kravchuk, Petr and Qiao, Jiaxin and Rychkov, Slava",
    title = "{Distributions in CFT. Part I. Cross-ratio space}",
    eprint = "2001.08778",
    archivePrefix = "arXiv",
    primaryClass = "hep-th",
    doi = "10.1007/JHEP05(2020)137",
    journal = "JHEP",
    volume = "05",
    pages = "137",
    year = "2020"
}

@article{Kravchuk:2021kwe,
    author = "Kravchuk, Petr and Qiao, Jiaxin and Rychkov, Slava",
    title = "{Distributions in CFT. Part II. Minkowski space}",
    eprint = "2104.02090",
    archivePrefix = "arXiv",
    primaryClass = "hep-th",
    doi = "10.1007/JHEP08(2021)094",
    journal = "JHEP",
    volume = "08",
    pages = "094",
    year = "2021"
}

@article{Simmons-Duffin:2016wlq,
    author = "Simmons-Duffin, David",
    title = "{The Lightcone Bootstrap and the Spectrum of the 3d Ising CFT}",
    eprint = "1612.08471",
    archivePrefix = "arXiv",
    primaryClass = "hep-th",
    doi = "10.1007/JHEP03(2017)086",
    journal = "JHEP",
    volume = "03",
    pages = "086",
    year = "2017"
}

@article{Kos:2014bka,
    author = "Kos, Filip and Poland, David and Simmons-Duffin, David",
    title = "{Bootstrapping Mixed Correlators in the 3D Ising Model}",
    eprint = "1406.4858",
    archivePrefix = "arXiv",
    primaryClass = "hep-th",
    doi = "10.1007/JHEP11(2014)109",
    journal = "JHEP",
    volume = "11",
    pages = "109",
    year = "2014"
}

@article{Rattazzi:2008pe,
    author = "Rattazzi, Riccardo and Rychkov, Vyacheslav S. and Tonni, Erik and Vichi, Alessandro",
    title = "{Bounding scalar operator dimensions in 4D CFT}",
    eprint = "0807.0004",
    archivePrefix = "arXiv",
    primaryClass = "hep-th",
    doi = "10.1088/1126-6708/2008/12/031",
    journal = "JHEP",
    volume = "12",
    pages = "031",
    year = "2008"
}


